@misc{euler,
	title = {Número de Euler},
	key = {Número de Euler},
	howpublished = {\url{https://en.wikipedia.org/wiki/E\_\%28mathematical\_constant\%29}},
	note = {Accessed: 2015-09-10}
}

@misc{pi,
	title = {Calcular o valor de Pi},
	key = {Calcular o Pi},
	howpublished = {\url{http://pt.wikihow.com/Calcular-o-Pi}},
	note = {Accessed: 2015-09-12}
}

@misc{herao,
	title = {Aproximação de raiz quadrada},
	key = {Aproximação de raiz quadrada},
	howpublished = {\url{http://obaricentrodamente.blogspot.com.br/2008/11/mtodo-de-hero-para-aproximao-de-raz.html}},
	note = {Accessed: 2015-09-14}
}
